<?xml version="1.0" encoding="UTF-8"?><collection xmlns="http://www.loc.gov/MARC21/slim"><record><leader>00298nam--2200109-i-4500</leader><controlfield tag="001">000037709</controlfield><controlfield tag="002">20161230</controlfield><controlfield tag="005">20161230201041</controlfield><controlfield tag="008">060222s1000------------r-----000-0-eng-d</controlfield><datafield ind1=" " ind2=" " tag="245"><subfield code="a">Protectia metalelor contra coroziunii si a depunerii de cruste</subfield></datafield><datafield ind1=" " ind2=" " tag="260"><subfield code="a">Bucuresti, Idt, 1954. 111 P.Lito</subfield></datafield><datafield ind1=" " ind2=" " tag="852"><subfield code="a">4038</subfield></datafield></record></collection>